@article{ashkin,
    author          = "Arthur Ashkin",
    title           = "Acceleration and Trapping of Particles by Radiation Pressure",
    journal         = "Physical Review Letters",
    volume          = "24",
    number          = "156",
    year            = "1970",
    DOI             = "https://doi.org/10.1103/PhysRevLett.24.156"
}
